<record><leader>00000cas a22000007a 4500</leader><controlfield tag="001">12036746</controlfield><controlfield tag="008">850515d18521853ohuwr ne      0    0eng d</controlfield><datafield ind1=" " ind2=" " tag="010"><subfield code="a">sn 85026113 </subfield></datafield><datafield ind1=" " ind2=" " tag="040"><subfield code="a">NPX</subfield><subfield code="b">eng</subfield><subfield code="c">NPX</subfield><subfield code="d">ONP</subfield><subfield code="d">OCLCQ</subfield><subfield code="d">DLC</subfield><subfield code="d">OCLCF</subfield></datafield><datafield ind1="1" ind2=" " tag="029"><subfield code="a">AU@</subfield><subfield code="b">000025826453</subfield></datafield><datafield ind1=" " ind2=" " tag="042"><subfield code="a">msc</subfield></datafield><datafield ind1=" " ind2=" " tag="043"><subfield code="a">n-us-oh</subfield></datafield><datafield ind1="0" ind2="0" tag="245"><subfield code="a">Vinton County flag.</subfield></datafield><datafield ind1=" " ind2=" " tag="260"><subfield code="a">McArthur, Vinton County, Ohio :</subfield><subfield code="b">Democratic Joint Stock Co.,</subfield><subfield code="c">1852-1853.</subfield></datafield><datafield ind1=" " ind2=" " tag="300"><subfield code="a">v.</subfield></datafield><datafield ind1=" " ind2=" " tag="310"><subfield code="a">Weekly</subfield></datafield><datafield ind1="0" ind2=" " tag="362"><subfield code="a">Vol. 1, no. 1 (Aug. 26, 1852)-v. 1, no. 52 (Aug. 19, 1853).</subfield></datafield><datafield ind1=" " ind2=" " tag="500"><subfield code="a">Editors: B.P. Hewitt, E.F. Bingham, 1852-1853; E.A. Bratton, 1853.</subfield></datafield><datafield ind1=" " ind2=" " tag="500"><subfield code="a">Publishers: Democratic Joint Stock Co., 1852-1853; E.A. Bratton, 1853.</subfield></datafield><datafield ind1=" " ind2="0" tag="651"><subfield code="a">McArthur (Ohio)</subfield><subfield code="v">Newspapers.</subfield></datafield><datafield ind1=" " ind2="7" tag="655"><subfield code="a">Newspapers.</subfield><subfield code="2">fast</subfield><subfield code="0">(OCoLC)fst01423814</subfield></datafield><datafield ind1=" " ind2="7" tag="651"><subfield code="a">Ohio</subfield><subfield code="z">McArthur.</subfield><subfield code="2">fast</subfield><subfield code="0">(OCoLC)fst01269919</subfield></datafield><datafield ind1=" " ind2=" " tag="752"><subfield code="a">United States</subfield><subfield code="b">Ohio</subfield><subfield code="c">Vinton</subfield><subfield code="d">McArthur.</subfield></datafield><datafield ind1="0" ind2="0" tag="785"><subfield code="t">M'arthur Democrat</subfield><subfield code="x">2330-7196</subfield><subfield code="w">(DLC)sn 87075163</subfield></datafield></record>